@report{inail2023,
    author       = {Istituto Nazionale per l'Assicurazione contro gli Infortuni sul Lavoro (INAIL)},
    title        = {Rapporto Annuale INAIL 2023},
    institution  = {INAIL},
    year         = {2023},
    url          = {https://www.inail.it/content/dam/inail-hub-site/documenti/2023/09/infografiche-relazione-annuale-inail-2022.pdf},
    note         = {Accesso: 24 settembre 2024}
}


@report{osha-eu,
    author       = {Occupational Safety and Health Administration European Union},
    title        = {Il valore della sicurezza e della salute sul lavoro e i costi sociali degli
infortuni e delle malattie professionali},
    institution  = {EU-OSHA},
    year         = {2019},
    url          = {https://osha.europa.eu/sites/default/files/Summary_Value_of_OSH_and_societal_costs_injuries_and_diseases_IT.pdf},
    note         = {Accesso: 26 settembre 2024}
}

@book{dpisicurezza,
    author = {Ministero del Lavoro e delle Politiche Sociali},
    title = {Guida ai DPI nella Sicurezza sul Lavoro},
    year = {2023},
    url = {https://www.lavoro.gov.it}
}

@book{decreto81,
    author = {Gazzetta Ufficiale},
    title = {Decreto Legislativo 81/2008},
    year = {2008},
    url = {https://www.normattiva.it}
}

@book{valoresicurezza,
    author = {Associazione Italiana Sicurezza},
    title = {Valori e Benefici della Sicurezza sul Lavoro},
    year = {2023},
    url = {https://www.associazionesicurezza.it}
}